% Encoding: UTF-8

@InBook{Angle,
    chapter   = {7.7},
    pages     = {259-266},
    title     = {Spacecraft Attitude Determination and Control},
    publisher = {Kluwer},
    year      = {1978},
    author    = {D.M. Gottlieb},
}

@article{Pyramid,
    author = {Daniele Motari and Malak A. Samaan and Christian Bruccoleri and John L. Junkins},
    title = {The Pyramid Star Identification Technique},
    journal = {Navigation},
    volume = {51},
    number = {3},
    pages = {171-183},
    year = {2014},
}

@misc{Tappe,
    title = {Development of Star Tracker System for Accurate Estimation of Spacecraft Attitude},
    author = {Jack A. Tappe},
    year = {2009},
    publisher = {Calhoun}
}

@article{Survey,
    author = {Benjamin B. Spratling IV and Daniele Mortari},
    year = {2009},
    month = {03},
    title = {A Survey on Star Identification Algorithms},
    volume = {2},
    journal = {Algorithms}
}

@article{Planar,
    author = {Craig L. Cole. and John L. Crassidis},
    year = {2006},
    month = {01},
    title = {Fast Star-Pattern Recognition Using Planar Triangles},
    volume = {29},
    journal = {Journal of Guidance Control and Dynamics}
}

@article{Spherical,
    author = {Craig L. Cole. and John L. Crassidis},
    year = {2004},
    month = {08},
    title = {Fast Star Pattern Recognition Using Spherical Triangles},
    journal = {AIAA/AAS Astrodynamics Specialist Conference and Exhibit},
}

@article{Composite,
    author = {Ali RezaToloei and Morteza Shayan and Manouchehr Abaszadeh},
    year = {2014},
    month = {09},
    pages = {28-33},
    title = {A New Composite Algorithm for Identifying the Stars in the Star Tracker},
    volume = {102},
    journal = {International Journal of Computer Applications}
}

@InBook{Attitude,
    title={Spacecraft Attitude Dynamics and Control},
    author={Hall, Christopher D},
    chapter = {4},
    volume={12},
    number={2003},
    year={2003},
    publisher={Citeseer}
}

@Misc{CoordinateSystem,
    author = {Brews Ohare},
    title = {Moving Coordinate System},
    year = {2008},
    url = {https://commons.wikimedia.org/wiki/File:Moving_coordinate_system.PNG},
}

@article{AttitudeEstimation,
    author = {Landis Markley and Daniele Motari},
    year = {2000},
    month = {01},
    title = {How to Estimate Attitude from Vector Observations},
    volume = {103}
}

@article{DotAngle,
    author={Carl Christian Liebe},
    journal={IEEE Aerospace and Electronic Systems Magazine},
    title={Star Trackers for Attitude Determination},
    year={1995},
    volume={10},
    number={6},
    pages={10-16},
    month={Jun},
}

@masterthesis{AnalysisUncompensated,
    author = {Steven Paul Br√§tt},
    title = {Analysis of Star Identification Algorithms due to Uncompensated Spatial Distortion},
    school = {Utah State University},
    year = {2013},
}

@misc{ProperMotion,
    title = {Calculating Precise Long Term Stellar Motions},
    author = {David Nash},
    year = {2006},
    url = {http://www.astronexus.com/a-a/motions-long-term},
}

@article{SensitivityAnalysis,
    title={Sensitivity Analysis: Strategies, Methods, Concepts, Examples},
    author={David J Pannell},
    journal = {Agricultural Economics},
    year = {1997},
}